 
  @article{larson1974hypercube,
    title={A hypercube queuing model for facility location and redistricting in urban emergency services},
    author={Larson, Richard C},
    journal={Computers \& Operations Research},
    volume={1},
    number={1},
    pages={67--95},
    year={1974},
    publisher={Elsevier}
  }
  
  @article{larson1975approximating,
    title={Approximating the performance of urban emergency service systems},
    author={Larson, Richard C},
    journal={Operations Research},
    volume={23},
    number={5},
    pages={845--868},
    year={1975},
    publisher={INFORMS}
  }
  
  @article{jarvis1985approximating,
    title={Approximating the equilibrium behavior of multi-server loss systems},
    author={Jarvis, James P},
    journal={Management Science},
    volume={31},
    number={2},
    pages={235--239},
    year={1985},
    publisher={INFORMS}
  }

  @article{berman1987stochastic,
    title={The stochastic queue p-median problem},
    author={Berman, Oded and Larson, RC and Parkan, Celik},
    journal={Transportation Science},
    volume={21},
    number={3},
    pages={207--216},
    year={1987},
    publisher={INFORMS}
  }

  @article{goldberg1990validating,
    title={Validating and applying a model for locating emergency medical vehicles in Tuczon, AZ},
    author={Goldberg, Jeffrey and Dietrich, Robert and Chen, Jen Ming and Mitwasi, M George and Valenzuela, Terry and Criss, Elizabeth},
    journal={European Journal of Operational Research},
    volume={49},
    number={3},
    pages={308--324},
    year={1990},
    publisher={Elsevier}
  }
                  
@article{goldberg1991methods,
  title={Methods for solving nonlinear equations used in evaluating emergency vehicle busy probabilities},
  author={Goldberg, Jeffrey and Szidarovszky, Ferenc},
  journal={Operations research},
  volume={39},
  number={6},
  pages={903--916},
  year={1991},
  publisher={INFORMS}
}

@book{larson1978structural,
  title={Structural system models for locational decisions: an example using the hypercube queueing model},
  author={Larson, Richard Charles},
  year={1978},
  publisher={Massachusetts Institute of Technology, Operations Research Center}
}

@article{berman1985optimal,
  title={Optimal server location on a network operating as an M/G/1 queue},
  author={Berman, Oded and Larson, Richard C and Chiu, Samuel S},
  journal={Operations Research},
  volume={33},
  number={4},
  pages={746--771},
  year={1985},
  publisher={INFORMS}
}

@article{saydam2003accurate,
  title={Accurate estimation of expected coverage: revisited},
  author={Saydam, Cem and Aytu{\u{g}}, Haldun},
  journal={Socio-Economic Planning Sciences},
  volume={37},
  number={1},
  pages={69--80},
  year={2003},
  publisher={Elsevier}
}

@article{rajagopalan2008multiperiod,
  title={A multiperiod set covering location model for dynamic redeployment of ambulances},
  author={Rajagopalan, Hari K and Saydam, Cem and Xiao, Jing},
  journal={Computers \& Operations Research},
  volume={35},
  number={3},
  pages={814--826},
  year={2008},
  publisher={Elsevier}
}

@article{iannoni2008hypercube,
  title={A hypercube queueing model embedded into a genetic algorithm for ambulance deployment on highways},
  author={Iannoni, Ana Paula and Morabito, Reinaldo and Saydam, Cem},
  journal={Annals of Operations Research},
  volume={157},
  number={1},
  pages={207--224},
  year={2008},
  publisher={Springer}
}

@article{iannoni2009optimization,
  title={An optimization approach for ambulance location and the districting of the response segments on highways},
  author={Iannoni, Ana Paula and Morabito, Reinaldo and Saydam, Cem},
  journal={European Journal of Operational Research},
  volume={195},
  number={2},
  pages={528--542},
  year={2009},
  publisher={Elsevier}
}
